% Encoding: UTF-8

@Misc{FaceRecognitionWIkipedia,
  title        = {{Gesichtserkennung}},
  howpublished = {{\url{https://de.wikipedia.org/wiki/Gesichtserkennung}}},
  note         = {Zuletzt besucht: 23.10.2019},
}

@Comment{jabref-meta: databaseType:bibtex;}
